<?xml version="1.0" encoding="UTF-8"?><record xmlns="http://www.loc.gov/MARC21/slim" xmlns:cinclude="http://apache.org/cocoon/include/1.0" xmlns:zs="http://www.loc.gov/zing/srw/">
  <leader>00549cz  a2200133n  4500</leader>
  <controlfield tag="001">no2006009269</controlfield>
  <controlfield tag="003">DLC</controlfield>
  <controlfield tag="005">20060403170327.0</controlfield>
  <controlfield tag="008">060123n| acannaabn          |n aaa     c</controlfield>
  <datafield tag="010" ind1=" " ind2=" ">
    <subfield code="a">no2006009269</subfield>
    <subfield code="z">no2006033007</subfield>
  </datafield>
  <datafield tag="035" ind1=" " ind2=" ">
    <subfield code="a">(OCoLC)oca06838994</subfield>
  </datafield>
  <datafield tag="040" ind1=" " ind2=" ">
    <subfield code="a">DI-GS</subfield>
    <subfield code="b">eng</subfield>
    <subfield code="c">DI-GS</subfield>
    <subfield code="d">DLC</subfield>
  </datafield>
  <datafield tag="100" ind1="1" ind2=" ">
    <subfield code="a">Monti, Michele M.</subfield>
  </datafield>
  <datafield tag="670" ind1=" " ind2=" ">
    <subfield code="a">Water-quality data from ground- and surface-water sites near Concentrated Animal Feeding Operations (CAFOs) and non-CAFOs in the Shenandoah Valley and Eastern Shore of Virginia, January-February, 2004, 2005:</subfield>
    <subfield code="b">t.p. (Michele M. Monti)</subfield>
  </datafield>
</record>